%--------------Introduction--------------------------------
@article{wiki:mac,
  title={Code d'authentification de message},
  author={{Wikipédia}},
  journal={Wikipédia},
  year={2023},
  url={https://fr.wikipedia.org/wiki/Code_d%27authentification_de_message}
}

@article{openclassrooms:mac,
  title={Contrôlez l'intégrité de vos messages},
  author={{OpenClassrooms}},
  journal={OpenClassrooms},
  year={2022},
  url={https://openclassrooms.com/fr/courses/1757741-securisez-vos-donnees-avec-la-cryptographie/6031870-controlez-lintegrite-de-vos-messages}
}

@article{principe:mac,
  title={Fonctionnement des MACs},
  author={{Bibmath}},
  journal={Bibmath},
  year={2023},
  url={https://www.bibmath.net/crypto/moderne/images/mac.png}
}

@article{saied2014lightweight,
  title={Lightweight collaborative key establishment scheme for the Internet of Things},
  author={Saied, Yosra Ben and Olivereau, Alexis and Zeghlache, Djamal and Laurent, Maryline},
  journal={Computer Networks},
  volume={64},
  pages={273--295},
  year={2014},
  publisher={Elsevier}
}

@article{dasari2015random,
  title={Random Number Generator},
  author={Dasari, Naga Bharat Reddy},
  year={2015}
}

@phdthesis{boumso2006methode,
  title={M{\'e}thode exploratoire de distribution des cl{\'e}s de cryptage pour les communications de groupe dans un r{\'e}seau mobile ad hoc},
  author={Boumso, Andr{\'e}},
  year={2006},
  school={Universit{\'e} du Qu{\'e}bec {\`a} Trois-Rivi{\`e}res}
}

%---------------------------------------------------------------

%------------------Methodes-------------------------------------
 @misc{ frwiki:208453934,
   author = "Wikipédia",
   title = "Chiffrement par bloc --- Wikipédia{,} l'encyclopédie libre",
   year = "2023",
   url = "http://fr.wikipedia.org/w/index.php?title=Chiffrement_par_bloc&oldid=208453934",
   note = "[En ligne; Page disponible le 4-octobre-2023]"
 }

@article{fouque:des-aes,
  title={Algorithmes de chiffrement symétrique par bloc (DES et AES)},
  author={Pierre-Alain Fouque},
  journal={École normale supérieure},
  year={2007},
  url={https://www.di.ens.fr/~fouque/mpri/des-aes.pdf}
}

 @misc{ frwiki:202365614,
   author = "Wikipédia",
   title = "CBC-MAC --- Wikipédia{,} l'encyclopédie libre",
   year = "2023",
   url = "http://fr.wikipedia.org/w/index.php?title=CBC-MAC&oldid=202365614",
   note = "[En ligne; Page disponible le 17-mars-2023]"
 }

@article{image:cbc-mac,
  title={Illustration des CBC-MACs},
  author={{Wikipedia}},
  journal={Wikipedia},
  year={2022},
  url={https://upload.wikimedia.org/wikipedia/commons/thumb/b/bf/CBC-MAC_structure_%28en%29.svg/300px-CBC-MAC_structure_%28en%29.svg.png}
}

@article{wiki:hash_function,
  title={Fonction de hachage},
  author={{Wikipédia}},
  journal={Wikipédia},
  year={2023},
  url={https://fr.wikipedia.org/wiki/Fonction_de_hachage}
}

@article{okta:hmac,
  title={HMAC (Hash-Based Message Authentication Codes) : définition},
  author={{Okta}},
  journal={Okta Identity 101},
  year={2023},
  url={https://www.okta.com/fr/identity-101/hmac/}
}

@article{okta:umac,
  title={UMAC (Universal Message Authentication Codes) : définition},
  author={{Okta}},
  journal={Okta Identity 101},
  year={2023},
  url={https://www.okta.com/fr/identity-101/umac/}
}

@online{geeksfg,
    author = {geeksforgeeks},
    title = {HMAC Algorithm in Computer Network},
    year = {2021},
    url = {https://www.geeksforgeeks.org/hmac-algorithm-in-computer-network/}
}

@article{wiki:hmac,
  title={HMAC},
  author={{Wikipédia}},
  journal={Wikipédia},
  year={2023},
  url={https://fr.wikipedia.org/wiki/HMAC}
}

@article{wiki:umac,
  title={UMAC},
  author={{Wikipédia}},
  journal={Wikipédia},
  year={2023},
  url={https://en.wikipedia.org/wiki/UMAC}
}

@article{ionos:hash_function,
  title={Qu’est-ce qu’une fonction de hachage (hash function)},
  author={{IONOS}},
  journal={IONOS},
  year={2023},
  url={https://www.ionos.fr/digitalguide/serveur/securite/fonction-de-hachage/}
}

@article{bellare1996new,
  title={New proofs for NMAC and HMAC: Security without collision-resistance},
  author={Bellare, Mihir},
  journal={Advances in Cryptology—CRYPTO 2006},
  pages={602--619},
  year={2006},
  publisher={Springer}
}

@article{contini2006forgery,
  title={Forgery and partial key-recovery attacks on HMAC and NMAC using hash collisions},
  author={Contini, Scott and Yin, Yiqun Lisa},
  journal={ASIACRYPT 2006},
  pages={242--256},
  year={2006},
  publisher={Springer}
}

@article{dodis2012message,
  title={Message Authentication, Revisited},
  author={Dodis, Yevgeniy and Kiltz, Eike and Pietrzak, Krzysztof and Wichs, Daniel},
  journal={IACR Cryptology ePrint Archive},
  volume={2012},
  pages={59},
  year={2012},
  url={https://eprint.iacr.org/2012/059.pdf}
}
%-----------------------------------------------------------

%-----------------------Utilisation-------------------------
@article{cini2021updatable, 
    title={Updatable Signatures and Message Authentication Codes}, 
    author={Cini, Valerio and Ramacher, Sebastian and Slamanig, Daniel and Striecks, Christoph and Tairi, Erkan}, 
    journal={IACR Cryptology ePrint Archive}, 
    volume={2021}, 
    pages={365}, 
    year={2021}, 
    url={https://eprint.iacr.org/2021/365.pdf }
}

@phdthesis{athmani2010protocole,
  title={Protocole de s{\'e}curit{\'e} Pour les R{\'e}seaux de capteurs Sans Fil},
  author={Athmani, Samir},
  year={2010},
  school={Universit{\'e} de Batna 2}
}

@techreport{dierks2008transport,
  title={The transport layer security (TLS) protocol version 1.2},
  author={Dierks, Tim and Rescorla, Eric},
  year={2008}
}

@book{mckusick2015design,
  title={The design and implementation of the FreeBSD operating system},
  author={McKusick, Marshall Kirk and Neville-Neil, George V and Watson, Robert NM},
  year={2015},
  publisher={Pearson Education}
}

@inproceedings{krawczyk2010cryptographic,
  title={Cryptographic extraction and key derivation: The HKDF scheme},
  author={Krawczyk, Hugo},
  booktitle={Annual Cryptology Conference},
  pages={631--648},
  year={2010},
  organization={Springer}
}

@article{turner2008keyed,
  title={The keyed-hash message authentication code (hmac)},
  author={Turner, James M},
  journal={Federal Information Processing Standards Publication},
  volume={198},
  number={1},
  pages={1--13},
  year={2008},
  publisher={US Department of Commerce, National Institute of Standards and Technology~…}
}

@inproceedings{vazquez2021pakemail,
  title={PakeMail: authentication and key management in decentralized secure email and messaging via PAKE},
  author={Vazquez Sandoval, Itzel and Atashpendar, Arash and Lenzini, Gabriele and Ryan, Peter YA},
  booktitle={E-Business and Telecommunications: 17th International Conference on E-Business and Telecommunications, ICETE 2020, Online Event, July 8--10, 2020, Revised Selected Papers 17},
  pages={102--128},
  year={2021},
  organization={Springer}
}

%----------------------------------------------------------

%-----------------Avantage--------------------------------
@misc{Fortinet,
    title = {What Is A Message Authentication Code?},
    author = {Fortinet},
    year = {2023},
    howpublished = {\url{https://www.fortinet.com/resources/cyberglossary/message-authentication-code}}
}

@inproceedings{bellare1996keying,
  title={Keying hash functions for message authentication},
  author={Bellare, Mihir and Canetti, Ran and Krawczyk, Hugo},
  booktitle={Advances in Cryptology—CRYPTO’96: 16th Annual International Cryptology Conference Santa Barbara, California, USA August 18--22, 1996 Proceedings 16},
  pages={1--15},
  year={1996},
  organization={Springer}
}

@book{klima2018cryptology,
  title={Cryptology: classical and modern},
  author={Klima, Richard E and Klima, Richard and Sigmon, Neil P and Sigmon, Neil},
  year={2018},
  publisher={Chapman and Hall/CRC}
}

@book{paar2009understanding,
  title={Understanding cryptography: a textbook for students and practitioners},
  author={Paar, Christof and Pelzl, Jan},
  year={2009},
  publisher={Springer Science \& Business Media}
}

@article{stallings2017principles,
  title={The principles and practice of cryptography and network security 7th edition, isbn-10: 0134444280},
  author={Stallings, William},
  journal={Pearson Education},
  volume={20},
  number={1},
  pages={7},
  year={2017}
}

@article{schneier1995applied,
  title={Applied cryptography protocols},
  author={Schneier, Bruce},
  journal={Algorithms and Source Code in C},
  year={1995},
  publisher={John Wiley \& Sons}
}
%-------------------------------------------------------

%-------------------Securite-----------------------------
@inproceedings{bellare2000new, 
    title={New paradigms for constructing symmetric encryption schemes from public-key primitives}, 
    author={Bellare, Mihir and Rogaway, Phillip}, 
    booktitle={Annual International Cryptology Conference}, 
    pages={458–473}, 
    year={2000}, 
    url={https://link.springer.com/chapter/10.1007/3-540-44598-6_25}
}

@article{dodis2005fuzzy, 
    title={Fuzzy extractors: How to generate strong keys from biometrics and other noisy data}, 
    author={Dodis, Yevgeniy and Reyzin, Leonid and Smith, Adam}, journal={SIAM journal on computing}, 
    volume={38}, number={1},
    pages={97–139}, 
    year={2005}, 
    url={https://web.cs.ucla.edu/~rafail/PUBLIC/89.pdf} 
}

@inproceedings{gennaro2004secure, 
    title={Secure hash-and-sign signatures without the random oracle}, 
    author={Gennaro, Rosario and Halevi, Shai and Rabin, Tal}, booktitle={Annual International Conference on the Theory and Applications of Cryptographic Techniques}, 
    pages={123–139}, 
    year={2004}, 
    url={https://link.springer.com/chapter/10.1007/3-540-48910-X_9} 
}

@book{stinson2018cryptography, 
    title={Cryptography: Theory and Practice}, author={Stinson, Douglas R}, 
    edition={4},    
    year={2018}, 
    publisher={CRC Press}, 
    url={https://www.taylorfrancis.com/books/mono/10.1201/9781315282497/cryptography-douglas-robert-stinson-maura-paterson} 
}

@article{bellare1996keying, 
    title={Keying hash functions for message authentication}, author={Bellare, Mihir and Canetti, Ran and Krawczyk, Hugo}, journal={Annual International Cryptology Conference}, 
    pages={1–15}, 
    year={1996}, 
    url={
cris.tau.ac.il/en/publications/keying-hash-functions-for-message-authentication} 
}

@inproceedings{wang2005finding, 
    title={Finding collisions in the full SHA-1}, 
    author={Wang, Xiaoyun and Yin, Yiqun Lisa and Yu, Hongbo}, booktitle={Annual International Cryptology Conference}, 
    pages={17–36}, year={2005}, 
    url={https://link.springer.com/chapter/10.1007/11535218_2} 
}
%--------------------------------------------------------

